2917 4767
1314 365 1818 452 „43⁶2-

1310 499 1349 518 s

554 573 633 632 ic
654 561 844 634 beate
872 566 1153 632 viuendi
1178 563 1371 630 viam·
1384 567 1822 652 prebentem,
1879 534 2472 650 peritumquoque
2503 560 2592 635 aB

545 672 877 758 'imperito
928 690 1047 734 sua
1114 669 1542 754 preciositate
1587 669 1797 756 longe
1847 670 2171 734 excellere
2211 672 2592 754 facientem,

554 775 845 860 adipisci
890 771 1189 856 valeant,
1229 795 1361 856 que
1398 775 1692 839 indoctis
1733 769 2164 859 suffragatur,
2217 784 2284 838 et
2324 776 2400 839 in
2435 777 2594 842 infi-

555 897 669 943 mo
714 881 866 942 loco
906 887 1094 942 natos
1138 877 1367 940 euehit
1408 877 1482 940 in
1507 871 1854 941 sublimes.
1937 881 2016 966 Et
2051 899 2189 958 quo
2227 879 2436 963 magis
2461 868 2592 958 hii,

553 983 679 1064 qui
705 983 781 1044 in
822 981 1248 1067 dogmatibus
1288 979 1526 1044 ceteris
1566 981 1819 1064 preire,
1861 989 1927 1044 et
1969 980 2255 1045 alios‘in
2299 983 2587 1048 diuersis

548 1085 1004 1150 doctrinarum
1058 1083 1415 1147 virtutibus
1456 1081 1824 1166 instruere,
1899 1091 2098 1166 atque
2145 1070 2592 1150 orthodoxam

552 1188 760 1254 fidem
809 1187 1113 1252 stabilire
1160 1187 1409 1250 debent
1454 1195 1654 1268 atque
1701 1195 2044 1269 tenentur,
2091 1189 2234 1251 'vite
2273 1185 2488 1250 adiuti
2527 1198 2592 1253 et

548 1292 885 1357 subleuati
930 1289 1602 1370 necessariis,.iuxta
1647 1289 2046 1356 meritorum
2085 1312 2363 1354 suorum
2401 1293 2598 1354 debia-

548 1403 727 1476 tum,
772 1395 971 1458 saluti
1006 1404 1069 1458 et
1090 1390 1422 1479 profectui
1446 1394 1521 1456 in
1555 1395 1834 1482 scientia
1858 1397 2256 1479 promoueri
2285 1392 2593 1459 volenci⁴

488 1570 493 1578 ,
546 1516 699 1580 um,
757 1499 1018 1560 sublato
1070 1499 1548 1582 temporalium
1589 1498 1986 1581 dispendio,
2031 1499 2441 1562 incessanter
2481 1499 2592 1561 in·-

543 1602 853 1681 Tendant‚
897 1601 1351 1683 subsidiisque
1386 1609 1474 1664 'et
1519 1601 1878 1684 stipendiis
1920 1594 2330 1666 adiuuentur
2371 1613 2434 1665 et
2483 1618 2592 1688 ζει-ὲ

542 1689 858 1797 leuentur
906 1705 1281 1788 oportunis·
1366 1705 1538 1768 Sane
1587 1705 1813 1785 itaque
1872 1703 2008 1767 hiis
2067 1713 2368 1772 accurata
2423 1705 2593 1768 dili-

432 1787 441 1801 ⁸
542 1810 781 1894 gencia
844 1809 1179 1893 pensam,
1248 1797 1745 1870 venerabilium
1825 1816 1891 1880 et
1952 1804 2587 1893 circumspectorum‘

542 1913 845 1992 rectoriS,
880 1917 1235 1978 doctorum
1260 1920 1323 1974 et
1346 1912 1813 1994 magistrorum
1845 1911 1916 1974 in
1943 1911 2128 1976 alma
2155 1913 2590 1976 v'niuersitate

546 2017 742 2100 opidi
795 2011 1401 2101 Friburg'ensis
1460 2025 1687 2078 nostre
1743 2017 2031 2080 diocesis
2081 2018 2468 2102 regencium
2519 2025 2586 2080 et

544 2119 973 2204 legencium,
1053 2119 1232 2185 votis
1296 2129 1361 2182 et
1416 2119 2072 2204 supplicacionihus‚
2129 2123 2330 2184 nobis
2381 2140 2586 2204 super

442 2257 451 2276 ·
539 2224 889 2286 submissis
918 2224 1237 2287 seriosius
1257 2225 1618 2308 porrectis,
1683 2223 2020 2288 libencius
2049 2225 2392 2306 inclinati,
2433 2245 2586 2308 pre-

544 2329 925 2408 habitisque
980 2335 1251 2413 tractatu
1302 2335 1365 2389 et
1413 2327 1720 2390 consiliis
1771 2329 2048 2389 maturis
2087 2329 2590 2391 venerabilium

542 2431 745 2493 nobis
784 2431 855 2492 in
900 2431 1162 2494 Christo
1202 2431 1638 2512 dilectorum,
1679 2431 2048 2516 Prepositi,
2083 2433 2337 2494 Decani
2366 2441 2430 2494 et
2463 2433 2584 2492 Ca-

544 2533 751 2618 pituli
803 2535 1095 2596 Ecclesie
1147 2543 1373 2596 nostre
1424 2532 2118 2598 constanciensis
2143 2578 2162 2616 ,
2199 2551 2580 2615 eorumque

540 2637 617 2701 i‘n
643 2638 1034 2720 subscriptis
1070 2633 1421 2698 accedente
1450 2636 1787 2699 concordi
1806 2644 1870 2698 et
1891 2653 2590 2720 expresso'consensu,

540 2747 607 2802 et
646 2760 776 2803 vna
813 2741 1167 2801 nobiscum
1210 2740 1428 2802 libera
1467 2749 1908 2805 concurrente
1942 2726 2328 2824 voluntate,
2373 2743 2587 2804 eccle-⁴
2637 2807 2644 2810 ,

538 2842 708 2904 siam
756 2842 1208 2925 parochialem
1254 2843 1550 2926 gloriose
1605 2843 1893 2926 virginis
1931 2849 1998 2907 et
2046 2846 2276 2908 matris
2320 2844 2581 2908 Marie

539 2943 782 3028 prefati
806 2943 1001 3027 opidi
1038 2943 1093 3005 F
1112 2945 1301 3007 ribu
1320 2933 1441 3030 rg,
1483 2944 1674 3008 cuius
1693 2945 1810 3009 ius
1830 2955 2220 3032 patronatus
2244 2969 2370 3032 per
2396 2947 2584 3014 reno-4

538 3048 743 3110 lende
779 3048 1105 3111 memorie
1128 3053 1472 3130 quondam
1519 3048 1877 3112 dominum
1913 3051 2404 3115 Alberthum
2445 3055 2604 3115 Ar-·

536 3172 575 3213 c
589 3151 733 3212 hid
748 3170 841 3212 uc
856 3171 892 3214 e
910 3171 976 3212 m
1005 3155 1058 3212 A
1072 3159 1165 3214 u's
1184 3162 1252 3214 tr
1267 3154 1289 3215 i
1305 3173 1364 3234 e,
1384 3155 1468 3216 ad
1483 3173 1685 3233 quem
1703 3153 1974 3218 racione
1989 3153 2586 3219 illustrisdominii

537 3249 811 3317 ducatus
844 3273 961 3316 seu
1008 3257 1249 3316 domus
1292 3255 1662 3339 Austrie,
1703 3257 2140 3320 vacacionum
2184 3259 2376 3322 illius
2413 3269 2577 3322 tem-

535 3360 819 3442 poribus
856 3359 1215 3444 spectabat,
1258 3361 1343 3421 ad
1386 3359 1632 3422 dictam
1673 3351 2177 3424 vniversitatem
2201 3405 2222 3444 ,
2271 3381 2398 3447 pro
2437 3383 2580 3427 reo·

536 3464 736 3542 toris,
766 3465 1117 3526 doctorum
1154 3469 1218 3524 et
1252 3461 1546 3524 aliorum
1576 3461 2047 3550 magistrorum
2071 3465 2147 3527 in
2169 3485 2246 3527 ea
2277 3468 2586 3550 regen'ci-
2663 3476 2670 3482 '

534 3585 652 3625 um
682 3573 745 3626 et
778 3566 1194 3650 legencium,
1236 3566 1627 3634 decenciori
1661 3567 2150 3654 sustentacione
2189 3577 2255 3631 et
2294 3589 2600 3642 onerum.

532 3667 631 3731 eis
696 3667 1243 3733 incumbe‘ncium
1298 3655 1854 3756 supportacione,
1909 3671 2148 3735 diebus
2207 3675 2584 3759 superiori-³

531 3771 659 3834 hus
727 3769 1030 3853 legitime
1106 3775 1498 3836 translatum
1563 3776 1817 3856 existit,
1894 3783 2048 3837 cum
2120 3779 2438 3842 omnibus
2511 3788 2590 3841 et·

463 3947 466 3952 y
532 3872 821 3956 singulis
842 3872 979 3934 suis
997 3873 1255 3940 iuribus
1286 3885 1351 3938 et
1378 3878 1857 3961 pertinenciis,
1895 3876 2256 3963 fructibus,
2299 3881 2580 3944 redditi*

531 3978 657 4038 bus
706 3989 769 4040 et
828 3975 1304 4060 prouentibuS,
1364 3979 1617 4061 prefate
1653 3980 2075 4046 vniuersitati
2106 3992 2171 4048 et
2211 3985 2403 4047 illius
2436 4004 2579 4046 rec-

533 4072 666 4142 tori
687 4122 707 4161 ,
764 4078 1152 4144 doctoribus
1187 4089 1251 4142 et
1292 4081 1628 4164 magistris
1665 4083 1846 4146 inibi
1881 4094 1950 4148 vt
1971 4089 2308 4172 prefertur
2340 4106 2580 4171 regen·

534 4181 713 4246 tibus
744 4192 809 4246 et
839 4183 1254 4268 legentibus,
1296 4185 1381 4278 tle
1417 4201 1754 4250 consensu
1788 4189 2000 4254 eciam
2033 4203 2346 4274 expresso
2387 4189 2582 4254 illusa
